<?xml version="1.0" encoding="UTF-8"?><record xmlns="http://www.loc.gov/MARC21/slim" xmlns:cinclude="http://apache.org/cocoon/include/1.0" xmlns:zs="http://www.loc.gov/zing/srw/">
  <leader>00594nz  a2200145n  4500</leader>
  <controlfield tag="001">n  85194050 </controlfield>
  <controlfield tag="003">DLC</controlfield>
  <controlfield tag="005">19850913110543.8</controlfield>
  <controlfield tag="008">850806n| acannaab|          |a ana |||  </controlfield>
  <datafield tag="010" ind1=" " ind2=" ">
    <subfield code="a">n  85194050 </subfield>
  </datafield>
  <datafield tag="040" ind1=" " ind2=" ">
    <subfield code="a">DLC</subfield>
    <subfield code="c">DLC</subfield>
    <subfield code="d">DLC</subfield>
  </datafield>
  <datafield tag="110" ind1="2" ind2="0">
    <subfield code="a">Kokomasu Iinkai (Japan)</subfield>
  </datafield>
  <datafield tag="410" ind1="2" ind2="0">
    <subfield code="a">CoCoMAS Committee (Japan)</subfield>
  </datafield>
  <datafield tag="670" ind1=" " ind2=" ">
    <subfield code="a">Nakanishi, M. Corporate design systems, c1985- :</subfield>
    <subfield code="b">v. 2, t.p. (CoCoMAS Committee) jkt. (an organization headquartered in Tokyo, Japan) pref. (CoCoMAS (Corporate Communication as a Management Strategy); dir.: Motoo Nakanishi)</subfield>
  </datafield>
  <datafield tag="670" ind1=" " ind2=" ">
    <subfield code="a">Shuppan nenkan, 1984:</subfield>
    <subfield code="b">p. 763 (Kokomasu Iinkai)</subfield>
  </datafield>
</record>